@book{tanenbaum,
  author = {Andre Tanenbaum},
  title = {Systèmes d'exploitation},
  publisher = {Pearson Education},
} 

@book{michel,
  title = {Cours de ASR2-Système},
  author = {Billaud, Michel},
  note = {\url{http://www.labri.fr/perso/billaud/}},
}

% book{ludo,
%   title = {Introduction aux systèmes d’exploitation},
%   author = {Ludovic Courtès},
%   note = {\url{http://people.bordeaux.inria.fr/lcourtes/}},
% }
